% This file was created with Citavi 5.7.1.0

@misc{SID_TWR.,
 author = {SID{\_}TWR},
 title = {Video Games Sales Dataset: Video Games Sales {\&} Game Ratings Data Scraped from VzCharts},
 url = {https://www.kaggle.com/datasets/sidtwr/videogames-sales-dataset?select=XboxOne_GameSales.csv},
 urldate = {13.11.2022}
}


